<?xml version="1.0" encoding="UTF-8"?><collection xmlns="http://www.loc.gov/MARC21/slim"><record><leader>00448nam--2200121-i-4500</leader><controlfield tag="001">000008543</controlfield><controlfield tag="002">20161230</controlfield><controlfield tag="005">20161230201027</controlfield><controlfield tag="008">060222s1000------------r-----000-0-eng-d</controlfield><datafield ind1=" " ind2=" " tag="080"><subfield code="a">541</subfield></datafield><datafield ind1=" " ind2=" " tag="245"><subfield code="a">Aromaticity. an internaional symposium held at sheffield on 6th-8th july 1966. organized jointly by the university of sheffield and the chemical society. special publication no.21</subfield></datafield><datafield ind1=" " ind2=" " tag="260"><subfield code="a">London, The Chemical Society, 1967 V + 249 P</subfield></datafield><datafield ind1=" " ind2=" " tag="852"><subfield code="a">14038</subfield></datafield></record></collection>